@misc{NIST,
  title = {{NIST - Atomic Spectra Database.}},
  howpublished = {\url{https://www.nist.gov/pml/atomic-spectra-database}}
}
@misc{Prisms,
  title = {{Guide to the Prisms Used in Spectroscopy.}},
  howpublished = {\url{https://www.azom.com/article.aspx?ArticleID=17923}}
}
@misc{Gaussian,
  title = {{Gaussian Function - Wolfram MathWorld.}},
  howpublished = {\url{https://mathworld.wolfram.com/GaussianFunction.html}}
}
@misc{polyfit,
  title = {{Polynomial curve fitting - Mathworks.}},
  howpublished = {\url{https://www.mathworks.com/help/matlab/ref/polyfit.html}}
}
@misc{detSig,
  title = {{Deterministic Signal Analysis.}},
  howpublished = {\url{https://www.ee.cityu.edu.hk/~lindai/3008_Lecture2_Deterministic\%20Signal\%20Analysis.pdf}}
}
@misc{sigClas,
  title = {{Signal classification and properties - Libretexts.}},
  howpublished = {\url{https://eng.libretexts.org/Bookshelves/Electrical_Engineering/Signal_Processing_and_Modeling/Signals_and_Systems_(Baraniuk_et_al.)/01\%3A_Introduction_to_Signals/1.01\%3A_Signal_Classifications_and_Properties}}
}